Record 1
LDR  02463nas  2200409I  45  
001  07-AOK-7121
005  20020101000000.0
008  750720c19uu9999it mx p      u0   a0ita d
010       $a    77003851
022       $a 0001-3218
035       $a (OCoLC)01460559 (FIRST OF 2 910s move to 035)
035       $a 112233 (SECOND OF 2 910s move to 2nd 035)
040       $a MUL $c MUL $d SUL $d YUS $d IUL $d CLU
041  0    $a itaeng $b fregerspa
043       $a e-it---
222  00   $a Abitare
245  00   $a Abitare.
260       $a [Milano, $b Editrice Segesta, etc.]
300       $b ill. $c 32 cm.
310       $a 10 no. a year
362  0    $a n. 1-  19  -
500       $a UCLA: MOVE 902 TO 005; DROP INPUT 005 (05/02).
500       $a UCLA: MOVE ALL 910s TO 035s
500       $a UCLA: CREATE 1 852 FOR EACH 920 (3 FOR THIS REC)
500       $a UCLA: TEST CALL NUM OUTPUT: 1ST LOC SEG MOVE 930 $c TO 852 $j; 2ND SEG HAS NO 930, WILL HAVE NO 852 CALL NUM SUBFLDS; 3RD 852 WILL HAVE $h & $i FROM 930 $a & $b
500       $a UCLA: CREATE MULTIPLE 852 $k's WHEN MULTIPLE 928s
500       $a UCLA: CREATE MULTIPLE 852 $m's WHEN MULTIPLE 932s
500       $a UCLA: FROM 935s: IF IND2=BLANK --> 852 $x; IF IND2=1 --> 852 $x; IF IND2=0 --> 852 $z
500       $a UCLA: MOVE 590 SHARED PURCHASE NOTE TO $z OF EACH 852
500       $a UCLA: CONCATENATE MULTIPLE 950s INTO SINGLE 852 $3
500       $a UCLA: OUTPUT 1ST ONLY THE 1ST 963 OF A LOC SEGMENT AS 852 $p
690   0   $a Architecture $x Periodicals.
770  0    $t Mettiamo su casa insieme
852       $a LAD $b ARTSTAX $m 1st LOC  - 1ST 932 $m 1st LOC - 2ND 932 $m 1st LOC - 3RD 932 $p E0000528877 (output as 852 $p) $x 1st LOC - 1ST 935 (BLANK INDICATORS) $x 1st LOC - 2ND 935 (2ND IND = 1) $z 1st LOC - 3RD 935 (2ND IND = 0) $z SHaRed purchase (OUTPUT AS 852 $Z). $D Subscription cancelled. $O y $3 BN117-318(1973-93) ***Supplement:SPECIAL ISSUE: BNNOV(1983).BNSEP(1984).BNJAN-FEB(1987)BSEP-OCT(1989)BN311(1992).GUIDA ALLA SCELTA E ALL'USO DEI MIGLIORI ELETTRODOMESTICI DA INCASSO:B(1996).ALLE SOGLIE DEL TERZO MILLENNIO:BN372-379(1998) ***Index:B(1982-87).B(1989-91).B(1993-95)
852       $a LAD $b ARTUJNL $m 2nd LOC, 1ST 932 $m 2nd LOC - 2ND 932 $x 2nd LOC - 935 - 2ND IND = 1 $z SHaRed purchase (OUTPUT AS 852 $Z). $D Currently received $O 4 $3 UN408-410(2001)
852       $a LAD $b SRLF $h NK2700 $i .B148 $m 3rd LOC, only 932 $p AAAAA528851 $z 3rd LOC - 935 - 2ND IND = 0 $z SHaRed purchase (OUTPUT AS 852 $Z). $3 yr.1977-79 mi.index - no.178-180 yr.1979 mo.OCT-DEC ***Index:B(1977-79)
901       $a LAD $b 07-AOK-7121

Record 2
