LDR  01519ngm  22003131i 45  
001  04-AAA-2912
005  20011206001607.0
007  mr|naaafm|aeinnnc198208
007  mr|  b fn|aei  ac198208
008        s1927    xxu               | eng d
035       $a (OCoLC)01460559
035       $a 2ND 910 FIELD
040       $a CLU $c CLU
245  00   $a Alice the whaler / $c produced by Walt Disney.
260       $c 1927.
440   2   $a Alice in Cartoonland
440   2   $a A Walt Disney Alice cartoon
500       $a UCLA: CREATE 007 WHEN $T OF 958 = '007'; WILL BE MULT 007s (05/02).
500       $a UCLA: CREATE 852 $z FROM 958 WHEN $T OF 958 = '300'
500       $a OUTPUT 1ST 934 OF EACH LOC SEG TO 852 $3.
655   7   $a Animation. $2 mim
655   7   $a Cartoons. $2 mim
690       $a Alice (Fictitious character : Walt Disney)
690       $a Silent films.
700  1    $a Disney, Walt, $d 1901-1966. $e animation
852       $a LAD $b FTAARSC $h MA123 $i M8503 $m 1st LOC - 1st  932 - move to 852 $m $m 1st LOC - 2nd  932 - move to new $m in 852 $x 1st loc - This 935 has 2nd ind. 1 - move to 852 $x $z 1st loc - This 935 field has 2nd ind. 0 - move to 852 $z $z SHARED PURCHASE. $z 1 reel of 1 (ca. 1000 ft.) : opt sd. ; 35 mm. nitrate trk masterpos. $3 Library has: v.1-44 (1ST LOC, 1ST 934)
852       $a LAD $b FTAPRES $z SHARED PURCHASE. $z 1 reel of 1 ; 35 mm. nitrate pic masterpos. $3 2ND LOC - 934
852       $a LAD $b FTAHOLL $m 3rd LOC - 1ST 932 $m 3rd LOC - 2ND 932 $z 3rd loc; 935 with 2nd ind = 0; move to 852 $z $z SHARED PURCHASE. $3 3rd LOC - 934
901       $a LAD $b 04-AAA-2912

Record 3
