LDR  02848ngm  22003731i 45  
001  04-AAA-3128
005  20020102151714.0
007  vf|bbahom
007  mr|b aadm|artnnac199103
007  mr| aaafm|ari  ac
007  mr|b badn|b tnnac199309
007  mr|n aadm|b tnnac199309
007  mr| aaafm|ari  ac
007  vf|bbahom
008        s1945    xxu020            |leng d
040       $a CLU $c CLU
245  00   $a All star bond rally / $c produced by Twentieth Century-Fox for the Office of War Information and the War Finance Division, Treasury Department, and exhibited by the War Activities Committee ; producer, Fanchâon ; director, Michael Audley ; writer, Don Quinn.
260       $c 1945.
500       $c UCLA: X IN POS 33 OF 008, CHG TO FILL CHAR ON OUTPUT BECAUSE 1ST 2 CHARS OF 901 $b ARE '04' (05/02).
511  1    $a Bob Hope, Betty Grable, Fibber McGee and Molly, Bing Crosby, Harry James, Frank Sinatra, Harpo Marx, Jeanne Crain, Linda Darnell, Carmen Miranda.
508       $a Photography, James van Trees; effects, Fred Sersen and Rolla Flora; music, Emil Newman; editor, Stanley Robinson.
655   7   $a Documentaries and factual films and video. $2 mim
655   7   $a Shorts. $2 mim
655   7   $a Academy War Film Collection. $2 local
700  1    $a Audley, Michael. $e direction
700  1    $a Hope, Bob, $d 1903- $e cast
852       $a LAD $b FTAARSC $z AVAILABILITY: Study Copy. Available for on site viewing only. NOTES: Second on videocassette with: The Double duty dollar. VA9686 M $z 1 videocassette of 1 (VHS) : sd., b&w ; 1/2 in.
852       $a LAD $b FTASRLF $z AVAILABILITY: Projection only; no individual viewing.Research Copy. Usually available for on site viewing, some restrictions may apply. A3-450-5 $z 1 reel of 1 (ca. 800 ft.) : opt sd., b&w ; 16 mm. safety print.
852       $a LAD $b FTAHOLL $z AVAILABILITY: Research Copy. Usually available for on site viewing, some restrictions may apply. F101-L1-1 $z 2 reels of 2 (ca. 2000 ft.) : opt sd. ; 35 mm. nitrate print.
852       $a LAD $b FTASRLF $z AVAILABILITY: Archival copy. Not available for viewing. Contact the Research and Study Center for further information. A3-444-3 $z 1 reel of 1 (ca. 600 ft.) : b&w ; 16 mm. safety pic neg.
852       $a LAD $b FTASRLF $z AVAILABILITY: Archival copy. Not available for viewing. Contact the Research and Study Center for further information. A3-444-3 $z 1 reel of 1 (ca. 600 ft.) : opt sd. ; 16 mm. safety trk neg.
852       $a LAD $b FTAHOLL $z AVAILABILITY: Research Copy. Usually available for on site viewing, some restrictions may apply. NOTES: Studio print. CONDITION: Excellent condition (Melnitz cond. report, 2/28/1989). F107-L5-3 $z 1 reel of 1 (ca. 2000 ft.) : opt sd. ; 35 mm. nitrate print.
852       $a LAD $b FTAARSC $z AVAILABILITY: Study copy. Available for onsite viewing only. $z 1 videocassette of 1 (VHS) : sd., b&w ; 1/2 in.
901       $a LAD $b 04-AAA-3128

Record 4
