LDR  00692nas  2200193I  45  
001  07-RDV-9999
005  20020202000000.0
008  750720c19uu9999it mx p      u0   a0ita d
035       $a (OCoLC)55560559
245  00   $a Alien invasion of earth.
260       $a [Rome, $b Editrice Segesta, etc.]
300       $b ill. $c 12 cm.
310       $a 25 no. a year
362  0    $a n. 1-  19  -
500       $a UCLA: 1ST 920 LOC SEG IS BRIEF; TAKE NO DATA FOR 1ST 852 FROM 2ND 920 LOC SEGMENT (05/02).
690   0   $a Alien invasions $x Periodicals.
852       $a LAD $b ARTSTAX
852       $a LAD $b ARTUJNL $m 2nd LOC LOC, only 932 $p AAAAA528851 $x 2ND LOC - 935 - 2ND IND = 1 $D No longer published. $O x $3 UN408-410(2001)
901       $a LAD $b 07-RDV-9999

Record 5
