LDR  00601dXZ  22001691i 45  
001  04-AAF-6084
005  20020510143000.0
008        r19661962xxu080            |leng d
040       $a CLU $c CLU
130  0    $a Intruder (Motion picture : 1962)
260       $c 1966.
500       $a UCLA: DELETE REC HAS NO 902, NO 920, NO 245, INVALID TYPE & BIBLEVEL; DO NOT CREATE ERROR FIELDS; DO CREATE 005 FROM FILEDATE (05/02).
511  1    $a William Shatner, Frank Maxwell, Beverly Lunsford.
508       $a Photography, Taylor Byars.
655   7   $a Features. $2 mim
700  1    $a Corman, Roger, $d 1926- $e direction
901       $a LAD $b 04-AAF-6084

Record 6
