LDR  01204n=m  2200337 a 45  
001  07-ARY-2500
005  20020205094917.0
008  981204s1998    gt a     b    001 0aeng  
010       $a    98227797
035       $a (OCoLC)40595496
040       $a DLC $c DLC $d CLU
020       $a 9992244003
043       $a nc-----
050  00   $a E57.S66 $b A3 1998
082  00   $a 972.805/1/092 $a B $2 21
049       $a CLUr $l L0080716103
100  1    $a Shook, Edwin M.
245  10   $a Incidents in the life of Maya archaelogist as told to Winifred Veronda / $c Edwin M. Shook
250       $a 1. ed.
260       $a Guatemala : $b Southwestern Academy Press, $c 1998.
300       $a 302 p. : $b ill. ; $c 25 cm.
500       $a UCLA: INVALID LEADER TYPE: CREATE ERROR FIELD (05/02).
504       $a Includes bibliographical references and index.
600  10   $a Shook, Edwin M.
650   0   $a Archaeologists $z Central America $v Biography.
650   0   $a Anthropologists $z Central America $v Biography.
650   0   $a Mayas $x Antiquities.
651   0   $a Central America $x Antiquities.
852       $a LAD $b URLSTAX $h E57.S66 $i A3 1998 $m URLSTAX-STAX
901       $a LAD $b 07-ARY-2500
998       $a LAD $b 1004 $c Record contains the invalid leader type = $d Release-013-000 $e 07-ARY-2500

Record 7
