LDR  00972na=  2200301 a 45  
001  07-ARG-2499
005  20000705094917.0
008  981204s1998    gt a     b    001 0aeng  
010       $a    98228808
035       $a (OCoLC)40595496
040       $a DLC $c DLC $d CLU
020       $a 9872244003
043       $a nc-----
050  00   $a A57.S66 $b A3 1998
082  00   $a 872.805/1/092 $a B $2 21
049       $a CLUr $l L0080716103
100  1    $a Estey, Dale E.
245  12   $a A lost tale / $c Dale E. Estey
250       $a 1st ed.
260       $a New York : $b Pergamon Press, $c 1998.
300       $a 302 p. : $b ill. ; $c 25 cm.
500       $a UCLA: INVALID LEADER BIBLVL: CREATE ERROR FIELD (05/02).
504       $a Includes bibliographical references and index.
600  10   $a Estey, Dale E.
650   0   $a Unicorns $x Fiction.
852       $a LAD $b URLSTAX $h A57.S66 $i A3 1998 $m URLSTAX-STAX
901       $a LAD $b 07-ARG-2499
998       $a LAD $b 1005 $c Record contains the invalid bibliographic level = $d Release-013-000 $e 07-ARG-2499

Record 8
