LDR  00867nam  2200253Ia 45  
001  07-ARY-2550
005  20020510143000.0
008  000111s1998    xx            000 f eng d
035       $a (OCoLC)43252454
040       $a NYP $c NYP $d CLU
020       $a 1874509557
043       $a n-us-ny
090       $a PS3558.A832 $b B56 1998
049       $a CLUR $l L0079564217
100  1    $a Hayes, Teddy, $c dramatist.
245  10   $a Blood red blues : $b a Devil Barnett detective novel / $c [Teddy Hayes].
260       $a London : $b X Press, $c c1998.
300       $a 188 p. ; $c 20 cm.
500       $a UCLA: NO 902; DROP 005; CREATE NEW 005 FROM FILEDATE (05/02).
650   0   $a Afro-American detectives $v Fiction.
651   0   $a Harlem (New York, N.Y.) $v Fiction.
650   0   $a Afro-Americans $z New York (State) $z New York $v Fiction.
852       $a LAD $b URLSTAX $h PS3558.A832 $i B56 1998 $m URLSTAX-STAX
901       $a LAD $b 07-ARY-2550

Record 9
