LDR  11565ngm  22008651i 45  
001  04-AAL-4396
005  20020128124322.0
007  vf|cbahom
007  mr|c aad |art  ac198710
007  mr|caaafm|artacac198802
007  mr|caaafm|artacac198803
007  vf|ccahrm
007  vr|ceahpm
007  vf| cahr
007  mr|cabafn|b ij ac199001
007  mr|cabafn|b ii ac199001
007  mr|cabafn|aetk ac198902
007  mr|cabafn|aeti ac198902
007  mr|cabafn|aetj ac198902
007  mr|naaafm|aetnnac198902
007  mr|naaafm|b tnnac198902
007  mr|cabafn|aete ac198902
007  mr|ca  fn|artacan199308
007  mr|ca  fn|bdtacan199308
007  mr|cabafn|b ik ac198910
007  mr|cabafn|b ii ac198910
007  mr|cabafn|b ij ac198910
007  mr|cabafn|b ik ac199001
007  mr|n aafm|a tnnac199702
007  mr||aaadm|art||ac198209
007  mr|caaaf |art  ac199811
008        s1949    xxu103            |leng d
040       $a CLU $c CLU
245  00   $a She wore a yellow ribbon / $c RKO-Argosy ; producer, John Ford, Merian C. Cooper ; associate producer, Lowell Farrell ; director, John Ford ; screenplay, Frank Nugent, Laurence Stallings ; from a story by James Warner Beulah.
260       $c 1949.
500       $a UCLA: FTV REC HAS 24 LOC SEGS; TEST LONG REC OUTPUT (05/02) (05/02).
500       $a Western; feature.
500       $a Author, James Warner Beulah.
500       $a Credits were supplied from: Film daily yearbook, 1950.
500       $a Playing time on release was 103 min., according to: Film daily yearbook, 1950.
508       $a Art director, James Basevi; musical director, C. Bakaleinikoff; photography, Winton Hoch; editor, Jack Murray.
511  1    $a John Wayne, Joanne Dru, John Agar, Ben Johnson, Harry Carey, Jr., Victor McLaglen, Mildred Natwick, George O'Brien, Arthur Shields, Harry Woods, Chief Big Tree, Noble Johnson, Cliff Lyons, Tom Tyler, Michael Dugan, Mickey Simpson, Frank McGrath, Don Summer, Fred Libbey, Jack Pennick, Billy Jones, Bill Goettinger, Fred Graham, Fred Kennedy, Rudy Bowman, Post Parks, Ray Hyke, Lee Bradley.
518       $a Filmed on location in Monument Valley.
610  10   $a United States. $b Army. $b Cavalry $v Drama.
651   0   $a Monument Valley (Ariz. and Utah)
655   7   $a Westerns. $2 mim
655   7   $a Features. $2 mim
655   7   $a UCLA preservation. $2 local
700  1    $a Ford, John, $d 1894-1973. $e direction
700  1    $a Wayne, John, $d 1907-1979. $e cast
852       $a LAD $b FTAARSC $z AVAILABILITY: Study Copy. Available for on site viewing only. REPRODUCTION: Reproduced by UCLA Film and Television Archive from 3/4 in. videocassettes (M41540), June, 1989. Reproduction for preservation purposes permitted by öööööö, 1989 [?]. $z 1 videocassette of 1 (VHS) (103 min.) : sd., col. ; 1/2 in.
852       $a LAD $b FTASRLF $p FH0000011957 $z AVAILABILITY: Research Copy. Usually available for on site viewing, some restrictions may apply. $z 3 reels of 3 (ca. 4800 ft.) : opt sd., col. ; 16 mm. safety print.
852       $a LAD $b FTASRLF $p FB0000214718 $z CONDITION: Good condition: slight perf. damage, r1,3,5; occasional splices, r1-3; (Melnitz cond. report, 7/24/1990). Print has been mounted for platter projection (fh, 6/24/1992). AVAILABILITY: Research copy. Usually available for onsite viewing; some restrictions may apply. REPRODUCTION: Reproduced by UCLA Film and Television Archive from [?], Feb. 1988. Reproduction for preservation purposes permitted by [?], 1988. $z 6 reels of 6 (103 min.) (ca. 12000 ft.) : opt sd., EC (col.), low-fade ; 35 mm. safety print.
852       $a LAD $b FTASRLF $p FB0000163170 $z CONDITION: Excellent condition, Melnitz cond. report, 8/4/1994. AVAILABILITY: Archival copy. Not available for viewing. Contact the Research and Study Center for further information. REPRODUCTION: Reproduced by the UCLA Film and Television Archive from [?]. Reproduction for preservation purposes permitted by [?], 1988. Clearance: Rights have reverted to Batjac Productions (per information received from Warner Bros., Aug., 2000). Booked 8/4/1994, 1409 (Archive). $z 6 reels of 6 (103 min.) (ca. 12000 ft.) : opt sd., EC (col.), low-fade ; 35 mm. safety print.
852       $a LAD $b FTASRLF $p VA0000142760 $z AVAILABILITY: Archival copy. Not available for viewing. Contact the Research and Study Center for further information. Conservation copy. REPRODUCTION: Reproduced from 35 mm. select print (M35368) by Archive Commercial Services, June, 1989. Reproduction for preservation purposes permitted by [?], 1989. $z 2 videocassettes of 2 (103 min.) : sd., col. ; 3/4 in.
852       $a LAD $b FTASRLF $z AVAILABILITY: Archival copy. Not available for viewing. Contact the Research and Study Center for further information. Conservation copy. REPRODUCTION: Reproduced by UCLA Film and Television Archive at the Post Group from[?], Aug. 1994. Reproduction for preservation purposes permitted by [?], Mar. 1988. LOCATION: A4-35-3-4. $z 2 videoreels of 2 (Type C) (104 min.) : sd., col. ; 1 in.
852       $a LAD $b FTASRLF $p VA0000138404 $z AVAILABILITY: Archival copy. Not available for viewing. Contact the Research and Study Center for further information. Conservation copy. $z 2 videocassettes of 2 : sd. ; 3/4 in.
852       $a LAD $b FTAHOLL $z AVAILABILITY: Archival copy. Not available for viewing. Contact the Research and Study Center for further information. LOCATION: G77-R26-3 $z 6 reels of 6 (ca. 12000 ft.) : magenta ; 35 mm. nitrate pic neg.
852       $a LAD $b FTAHOLL $z AVAILABILITY: Archival copy. Not available for viewing. Contact the Research and Study Center for further information. LOCATION: G77-R26-2 $z 6 reels of 6 (ca. 12000 ft.) : cyan ; 35 mm. nitrate pic neg.
852       $a LAD $b FTAPRES $z AVAILABILITY: Archival copy. Not available for viewing. Contact the Research and Study Center for further information. REPRODUCTION: Reproduced by UCLA Film and Television Archive from 35 mm. yellow nitrate pic neg (M42945). Reproduction for preservation purposes permitted by [?]ööööööööö, 1988. PRESERVATION: "Pres. protection master." $z 11 reels of 11 (103 min.) (ca. 11000 ft.) : yellow ; 35 mm. safety prsv pic masterpos.
852       $a LAD $b FTAPRES $z AVAILABILITY: Archival copy. Not available for viewing. Contact the Research and Study Center for further information. REPRODUCTION: Reproduced by UCLA Film and Television Archive from 35 mm. nitrate cyan pic neg (M42946), Feb. 1989. Reproduction for preservation purposes permitted by [?]ööööööööö, 1988. PRESERVATION: "Pres. protection master." $z 11 reels of 11 (103 min.) (ca. 11000 ft.) : cyan ; 35 mm. safety prsv pic masterpos.
852       $a LAD $b FTAPRES $z AVAILABILITY: Archival copy. Not available for viewing. Contact the Research and Study Center for further information. PRESERVATION: "Pres. protection master." REPRODUCTION: Reproduced by UCLA Film and Television Archive from 35 mm. nitrate magenta pic neg (M42947), Feb. 1989. Reproduction for preservation purposes permitted by [?]öööööö, 1988. $z 11 reels of 11 (103 min.) (ca. 11000 ft.) : magenta ; 35 mm. safety prsv pic masterpos.
852       $a LAD $b FTAPRES $z PART/ELEMENT: "Domestic track." AVAILABILITY: Archival copy. Not available for viewing. Contact the Research and Study Center for further information. REPRODUCTION: Reproduced by UCLA Film and Television Archive from [?], Feb. 1989öööö. Reproduction for preservation purposes permitted by [?]öööööö, 1988. NOTES: On r6 with trailer. $z 6 reels of 6 (103 min.) (ca. 11000 ft.) : opt sd. ; 35 mm. safety prsv dbl edge trk masterpos.
852       $a LAD $b FTAPRES $z AVAILABILITY: Archival copy. Not available for viewing. Contact the Research and Study Center for further information. REPRODUCTION: Reproduced by UCLA Film and Television Archive from [?], FEb. 1989öööö. Reproduction for preservation purposes permitted by [?]öööööö, 1988. $z 6 reels of 6 (103 min.) (ca. 12000 ft.) : opt sd. ; 35 mm. safety prsv trk neg.
852       $a LAD $b FTAPRES $z PART/ELEMENT: Unidentified color separation sections: yellow, cyan and magenta. AVAILABILITY: Archival copy. Not available for viewing. Contact the Research and Study Center for further information. REPRODUCTION: Reproduced by UCLA Film and Television Archive from [?], Feb. 1989ööö. Reproduction for preservation purposes permitted by [?]öööööö, 1988. NOTES: 3 rolls in one can. $z 1 can of 1 (ca. 300 ft.) : 3-col. ; 35 mm. safety prsv pic masterpos.
852       $a LAD $b FTAPRES $z PART/ELEMENT: Confirmation test print. AVAILABILITY: Archival copy. Not available for viewing. Contact the Research and Study Center for further information. REPRODUCTION: Reproduced by UCLA Film and Television Archive from 35 mm. safety prsv dupe pic neg (XFE4367 M), Aug. 1993. Reproduction for preservation purposes permitted by [?]. $z 1 reel of 1 (3 min.) (199 ft.) : MOS, EC (col.), low-fade ; 35 mm. safety print.
852       $a LAD $b FTAPRES $z PART/ELEMENT: Confirmation test internegative. AVAILABILITY: Archival copy. Not available for viewing. Contact the Research and Study Center for further information. REPRODUCTION: Reproduced by UCLA Film and Television Archive from 35 mm. safety prsv pic masterpos, 3 complete col. strips (unidentified reels from XFE85 - 117 M), Aug. 1993. Reproduction for preservation purposes permitted by [?]. $z 1 reel of 1 (3 min.) (199 ft.) : MOS, EC (col.), low-fade ; 35 mm. safety prsv dupe pic neg.
852       $a LAD $b FTAHOLL $z AVAILABILITY: Archival copy. Not available for viewing. Contact the Research and Study Center for further information. LOCATION: D36-L2-25. $z 11 reels of 11 (ca. 11000 ft.) : yellow ; 35 mm. nitrate pic neg.
852       $a LAD $b FTAHOLL $z AVAILABILITY: Archival copy. Not available for viewing. Contact the Research and Study Center for further information. LOCATION: D38-L1-24 $z 11 reels of 11 (ca. 11000 ft.) : cyan ; 35 mm. nitrate pic neg.
852       $a LAD $b FTAHOLL $z AVAILABILITY: Archival copy. Not available for viewing. Contact the Research and Study Center for further information. LOCATION: D36-R2-1. $z 11 reels of 11 (ca. 11000 ft.) : magenta ; 35 mm. nitrate pic neg.
852       $a LAD $b FTAHOLL $z AVAILABILITY: Archival copy. Not available for viewing. Contact the Research and Study Center for further information. LOCATION: G77-R26-1 $z 6 reels of 6 (ca. 11000 ft.) : yellow ; 35 mm. nitrate pic neg.
852       $a LAD $b FTASRLF $p FA0000259309 $z AVAILABILITY: Archival copy. Not available for viewing. Contact the Research and Study Center for further information. Reserved for preservation; no use. ADDITIONAL PHYSICAL DESCRIPTION: 7 reels mounted on 6, with r5-6 (r3AB) mounted on 1 reel. Can 1: R1 1A + 5B; Can 2: R1 1B + 5A; Can 3: R1 2A + 4B; Can 4: R1 2B + 6A/B; Can 5: R1 3A + 3B; Can 6: R1 4A. $z 6 reels of 6 (ca. 6000 ft.) : opt sd. ; 35 mm. safety dbl edge trk pos.
852       $a LAD $b FTASRLF $p FH0000229948 $z AVAILABILITY: Archival copy. Not available for viewing; contact the Research and Study Center for further information. Conservation copy. $z 3 reels of 3 (ca. 4800 ft.) : opt sd. ; 16 mm. safety print.
852       $a LAD $b FTASRLF $z CONDITION: Bad print; r3 (3AB) and r5 (5AB) incomplete. AVAILABILITY: Preservation Department use only. REPRODUCTION: Reproduced by the UCLA Film and Television Archive from 35 mm. nitrate pic negs (M42945, M42946, M42947) and safety prsv re-recorded trk neg (XFG109 -113 M). Reproduction for preservation purposes, 1998? ADDITIONAL PHYSICAL DESCRIPTION: r1=r1AB, r2=r2AB, r3=r3AB, r4=r4AB, r5=r5AB, r6=r6AB. LOCATION: A16-522. $z 6 reels of 6 (ca. 12000 ft.) : opt sd., col. ; 35 mm. safety print.
901       $a LAD $b 04-AAL-4396

Record 10
