LDR  01441nam  22003618a 45  
001  07-AAA-0777
005  20020313183209.0
008  900207s1990    cau      b     01 0 eng  
010       $a    90008131
020       $a 0941690385 :$26.95
020       $a 0941690393 (pbk.) :$13.95
035       $a (OCoLC)21117587
040       $a DLC $c DLC $d CLU
043       $a n-us-ca
050  00   $a F869.L89 $b T84 1990
245  00   $a 20th century Los Angeles : $b power, promotion, and social conflict / $c edited by Norman M. Klein and Martin J. Schiesl.
260       $a Claremont, Calif. : $b Regina Books, $c c1990.
300       $a 240 p. ; $c 23 cm.
500       $a UCLA: LAST 920 LOC CODE IS UNKNOWN: CREATE ERROR FIELD (05/02).
650   0   $a Minorities $z California $z Los Angeles $x Social conditions.
651   0   $a Los Angeles (Calif.) $x Social conditions.
651   0   $a Los Angeles (Calif.) $x Politics and government.
700  1    $a Klein, Norman M., $d 1945-
700  1    $a Schiesl, Martin J.
740  01   $a Twentieth century Los Angeles.
852       $a LAD $b CSRSTAX $h F869.L89 $i T84 1990 $m CSRSTAX-STAX
852       $a LAD $b COLSTAX $h F869.L89 $i T84 1990
852       $a LAD $b SRLF $p A0011046992
852       $a LAD $b URLSCRA $h F869.L89 $i T84 1990 $m URLSCRA-STAX
852       $a LAD $b URLSTAX $h F869.L89 $i T84 1990 $m URLSTAX-STAX
852       $a LAD $b RMOON $h F869.L89 $i T84 1990
901       $a LAD $b 07-AAA-0777
998       $a LAD $b 1003 $c Record contains the unknown location code RMOON $d Release-013-000 $e 07-AAA-0777

Record 11
LDR  01189nam  2200313 a 45  
001  07-AAA-0827
005  19910720142657.0
008  880726s1987    cl a     b     00 0dspa  
010       $a    88165874
035       $a (OCoLC)18961380
040       $a DLC $c DLC $d CLU
043       $a s-cl---
050  0    $a F3100 $b .A17 1987
260       $a Chile : $b Comitâe de Defensa de los Derechos del Pueblo, $c 1987.
300       $a 107 p. : $b ill. ; $c 22 cm.
440   0   $a Colecciâon Patricio Sobarzo ; $v v. 4
500       $a UCLA: NO 245 FIELD, OUTPUT 998 ERROR FIELD (05/02).
504       $a Includes bibliographical references.
610  10   $a Chile. $b Central Nacional de Informaciones.
650   0   $a Political crimes and offenses $z Chile $x History $y 20th century.
650   0   $a Violence $z Chile $x History $y 20th century.
650   0   $a Civil rights $z Chile $x History $y 20th century.
651   0   $a Chile $x Politics and government $y 1973-
710  2    $a Comitâe de Defensa de los Derechos del Pueblo (Chile)
740  01   $a Veintitrâes de agosto 1984.
740  01   $a 23 de agosto de 1984.
852       $a LAD $b SRLF $p AA0007761562
901       $a LAD $b 07-AAA-0827
998       $a LAD $b 1002 $c Record contains no 245 field $d Release-013-000 $e 07-AAA-0827

Record 12
