LDR  01103nam  2200253Ia 45  
001  07-AAA-0508
005  20020815102029.0
008  880809s1987    cc acf         00 0 eng d
035       $a (OCoLC)18334269
040       $a CUF $c CUF
043       $a a-cc---
245  04   $a The 13th party congress & China's reforms.
260       $a Beijing, China : $b Beijing review : $b Distributed by China International Book Trading Corporation, $c 1987.
300       $a 113 p., [12] p. of plates : $b ill., ports. ; $c 19 cm.
440   0   $a China in focus
500       $a UCLA: 1ST LOC = 'URLSTAX', 2ND & 3RD LOCS ARE 'ARTSPCSR' AND 'URLRFSRL' - OUTPUT 1 852 FOR 'URLSTAX' (08/02).
610  20   $a Zhongguo gong chan dang. $b Ch°èuan kuo tai piao ta hui $n (13th : $d 1987 : $c Peking)
651   0   $a China $x Politics and government $y 1976-
651   0   $a China $x Economic policy $y 1976-
740  41   $a The 13th party congress and China's reforms.
740  41   $a The thirteenth party congress & China's reforms.
740  41   $a The thirteenth party congress and China's reforms.
852       $a LAD $b URLSTAX $h DS779.26 $i .T48 1987 $m URLSTAX-STAX
901       $a LAD $b 07-AAA-0508

